@article{Frensel2017Neutri,
	author = {Frensel, Maik and Wu, Meng-Ru and Volpe, Cristina and Perego, Albino},
	title = {{Neutrino flavor evolution in binary neutron star merger remnants}},
	journal = {Phys. Rev. D},
	volume = {95},
	number = {2},
	pages = {023011},
	year = {2017},
	month = {Jan},
	issn = {2470-0029},
	publisher = {American Physical Society},
	doi = {10.1103/PhysRevD.95.023011}
}
@article{Korobkin2012Onthe,
	author = {Korobkin, O. and Rosswog, S. and Arcones, A. and Winteler, C.},
	title = {{On the astrophysical robustness of the neutron star merger r-process}},
	journal = {Mon. Not. R. Astron. Soc.},
	volume = {426},
	number = {3},
	pages = {1940--1949},
	year = {2012},
	month = {Nov},
	issn = {0035-8711},
	publisher = {Oxford Academic},
	doi = {10.1111/j.1365-2966.2012.21859.x}
}
@article{Meyer1994Ther,
	author = {Meyer, Bradley S.},
	title = {{The r-, s-, and p-Processes in Nucleosynthesis}},
	journal = {Annu. Rev. Astron. Astrophys.},
	volume = {32},
	number = {1},
	pages = {153--190},
	year = {1994},
	month = {Sep},
	issn = {0066-4146},
	publisher = {Annual Reviews},
	doi = {10.1146/annurev.aa.32.090194.001101}
}
@article{Sarikas2012Suppre,
	author = {Sarikas, Srdjan and Raffelt, Georg G. and H{\ifmmode\ddot{u}\else\"{u}\fi}depohl, Lorenz and Janka, Hans-Thomas},
	title = {{Suppression of Self-Induced Flavor Conversion in the Supernova Accretion Phase}},
	journal = {Phys. Rev. Lett.},
	volume = {108},
	number = {6},
	pages = {061101},
	year = {2012},
	publisher = {American Physical Society},
	doi = {10.1103/PhysRevLett.108.061101}
}
@article{Li2021Neutri,
	author = {Li, Xinyu and Siegel, Daniel M.},
	title = {{Neutrino Fast Flavor Conversions in Neutron-star Post-Merger Accretion Disks}},
	journal = {arXiv},
	year = {2021},
	eprint = {2103.02616},
	url = {https://arxiv.org/abs/2103.02616v1}
}
@article{Wu2017Fastn,
	author = {Wu, Meng-Ru and Tamborra, Irene},
	title = {{Fast neutrino conversions: Ubiquitous in compact binary merger remnants}},
	journal = {Phys. Rev. D},
	volume = {95},
	number = {10},
	pages = {103007},
	year = {2017},
	issn = {2470-0029},
	publisher = {American Physical Society},
	doi = {10.1103/PhysRevD.95.103007}
}
@article{Martin2015NEUTRI,
	author = {Martin, D. and Perego, A. and Arcones, A. and Thielemann, F.-K. and Korobkin, O. and Rosswog, S.},
	title = {{Neutrino-driven winds in the aftermath of a neutron star merger: nucleosynthesis and electromagnetic transients}},
	journal = {Astrophys. J.},
	volume = {813},
	number = {1},
	pages = {2},
	year = {2015},
	issn = {1538-4357},
	publisher = {American Astronomical Society},
	doi = {10.1088/0004-637x/813/1/2}
}
@article{Martin2016Impact,
	author = {Martin, D. and Arcones, A. and Nazarewicz, W. and Olsen, E.},
	title = {{Impact of Nuclear Mass Uncertainties on the $r$ Process}},
	journal = {Phys. Rev. Lett.},
	volume = {116},
	number = {12},
	pages = {121101},
	year = {2016},
	month = {Mar},
	issn = {1079-7114},
	publisher = {American Physical Society},
	doi = {10.1103/PhysRevLett.116.121101}
}